@misc{mfp_rkf,
 author = {Aleksandar Ivanov},
 title = {Numerical Solutions of First Order Differential Equations},
 URL = {https://github.com/ackiivanov/mfp-projects/blob/main/6.Numerical%20Solutions%20of%20First%20Order%20Differential%20Equations/1de.pdf},
 note = {[Last accessed: 23.02.2021]}
}

@article{Christou_2011,
   title={A long-lived horseshoe companion to the Earth},
   volume={414},
   ISSN={0035-8711},
   url={http://dx.doi.org/10.1111/j.1365-2966.2011.18595.x},
   DOI={10.1111/j.1365-2966.2011.18595.x},
   number={4},
   journal={Monthly Notices of the Royal Astronomical Society},
   publisher={Oxford University Press (OUP)},
   author={Christou, A. A. and Asher, D. J.},
   year={2011},
   month={Apr},
   pages={2965–2969}
}

@article{Richardson_2011,
   title={Symplectic integrators with adaptive time steps},
   volume={54},
   ISSN={1361-6587},
   url={http://dx.doi.org/10.1088/0741-3335/54/1/014004},
   DOI={10.1088/0741-3335/54/1/014004},
   number={1},
   journal={Plasma Physics and Controlled Fusion},
   publisher={IOP Publishing},
   author={Richardson, A S and Finn, J M},
   year={2011},
   month={Dec},
   pages={014004}
}

@article{Omelyan_2002,
   title={Optimized Forest–Ruth- and Suzuki-like algorithms for integration of motion in many-body systems},
   volume={146},
   ISSN={0010-4655},
   url={http://dx.doi.org/10.1016/S0010-4655(02)00451-4},
   DOI={10.1016/s0010-4655(02)00451-4},
   number={2},
   journal={Computer Physics Communications},
   publisher={Elsevier BV},
   author={Omelyan, I.P. and Mryglod, I.M. and Folk, R.},
   year={2002},
   month={Jul},
   pages={188–202}
}
