@misc{BCs,
 author = {Emil Å½agar},
 title = {Problem Lastnih Vrednosti},
 language = {Slovene},
 note = {[Lecture Notes]}
} 
