@article{existence,
title = {An existence and nonexistence theorem for solutions of nonlinear systems and its application to algebraic equations},
journal = {Journal of Computational and Applied Mathematics},
volume = {30},
number = {1},
pages = {87-97},
year = {1990},
issn = {0377-0427},
doi = {https://doi.org/10.1016/0377-0427(90)90008-N},
url = {https://www.sciencedirect.com/science/article/pii/037704279090008N},
author = {Tetsuro Yamamoto and Xiaojun Chen},
} 

@inbook{rkf45,
title = {Numerical Methods for Differential Equations},
pages = {69-74},
chapter = {5},
url = {http://www.math.iit.edu/~fass/478578_Chapter_5.pdf},
author = {Greg Fasshauer},
}

@inbook{nonhom,
title = {Ordinary Differential Equations:An Introduction to the Fundamentals},
pages = {41.1-41.10},
chapter = {41},
url = {http://howellkb.uah.edu/DEtext/Additional_Chapters/Part6/NonHomLS.pdf},
author = {Kenneth B. Howell},
publisher = {CRC Press},
}
