@article{numerov,
author = {Numerov, B.},
title = {Note on the numerical integration of d2x/dt2 = f(x, t)},
journal = {Astronomische Nachrichten},
volume = {230},
number = {19},
pages = {359-364},
doi = {https://doi.org/10.1002/asna.19272301903},
url = {https://onlinelibrary.wiley.com/doi/abs/10.1002/asna.19272301903},
eprint = {https://onlinelibrary.wiley.com/doi/pdf/10.1002/asna.19272301903},
year = {1927}
}

@Inbook{Zhou1993,
author="Zhou, Pei-bai",
title="Finite Difference Method",
bookTitle="Numerical Analysis of Electromagnetic Fields",
year="1993",
publisher="Springer Berlin Heidelberg",
address="Berlin, Heidelberg",
pages="63--94",
isbn="978-3-642-50319-1",
doi="10.1007/978-3-642-50319-1_3",
url="https://doi.org/10.1007/978-3-642-50319-1_3"
}


