@misc{ivp,
author = {SciPy Group},
title = {Numerical solver of initial value problems solve\_ivp},
URL = {https://docs.scipy.org/doc/scipy/reference/generated/scipy.integrate.solve_ivp.html},
note = {[Last accessed: 03.03.2021]}
}

@misc{bvp,
author = {SciPy Group},
title = {Numerical solver of boundary value problems solve\_bvp},
URL = {https://docs.scipy.org/doc/scipy/reference/generated/scipy.integrate.solve_bvp.html},
note = {[Last accessed: 03.03.2021]}
}

@article{hh,
author = {{Henon}, Michel and {Heiles}, Carl},
title = "The applicability of the third integral of motion: Some numerical experiments",
journal = {The Astronomical Journal},
year = 1964,
month = {feb},
volume = {69},
pages = {73},
doi = {10.1086/109234},
adsurl = {https://ui.adsabs.harvard.edu/abs/1964AJ.....69...73H},
adsnote = {Provided by the SAO/NASA Astrophysics Data System}
}

@article{h,
title = {On the numerical computation of Poincar√© maps},
journal = {Physica D: Nonlinear Phenomena},
volume = {5},
number = {2},
pages = {412-414},
year = {1982},
issn = {0167-2789},
doi = {https://doi.org/10.1016/0167-2789(82)90034-3},
url = {https://www.sciencedirect.com/science/article/pii/0167278982900343},
author = {M. Henon},
abstract = {This note describes a method for finding simply and accurately the intersections of a numerically integrated trajectory with a surface of section.}
}
