@misc{BCs,
 author = {Alkan Kabakçıoğlu},
 title = {Boundary Conditions for FEM},
 URL = {http://home.ku.edu.tr/~akabakcioglu/teaching/math506/fem.pdf},
 note = {[Last accessed: 14.04.2021]}
}  

@misc{gal,
 author = {Aleksandar Ivanov},
 title = {Galerkin Methods for PDEs},
 URL = {https://github.com/ackiivanov/mfp-projects/blob/main/11.Galerkin%20Methods%20for%20Solving%20PDEs/gal.pdf},
 note = {[Last accessed: 14.04.2021]}
}  
