@misc{BCs,
 author = {Zhiping Li},
 title = {Numerical Solutions to Partial Differential Equations},
 URL = {https://www.math.pku.edu.cn/teachers/lizp/courses/Numerical_PDE/Numerical%20PDE%20Lecture%20Slides/numpde_lecture_2_c1.pdf},
 note = {[Last accessed: 24.03.2021]}
} 

@article{golden,
   title={Sequential minimax search for a maximum},
   doi={https://doi.org/10.1090/S0002-9939-1953-0055639-3},
   number={4},
   journal={Proc. Amer. Math. Soc.},
   author={J. Kiefer},
   year={1953},
   pages={502-506}
}

@article{cheb,
author = { Zheng   Li  and  Changjun   Li  and  David   J.   Evans },
title = {Chebyshev acceleration for SOR-like method},
journal = {International Journal of Computer Mathematics},
volume = {82},
number = {5},
pages = {583-593},
year  = {2005},
publisher = {Taylor & Francis},
doi = {10.1080/00207160512331331129},

URL = { 
        https://doi.org/10.1080/00207160512331331129
    
},
eprint = { 
        https://doi.org/10.1080/00207160512331331129
    
}

}
