@article{hartree,
author = {Hartree, Douglas Rayner  and Hartree, W. },
title = {Self-consistent field, with exchange, for beryllium},
journal = {Proceedings of the Royal Society of London. Series A - Mathematical and Physical Sciences},
volume = {150},
number = {869},
pages = {9-33},
year = {1935},
doi = {10.1098/rspa.1935.0085},
}

 
